@Manual{bibtex,
  title = {bibtex: Bibtex Parser},
  author = {Romain Francois},
  year = {2017},
  note = {R package version 0.4.2},
  url = {https://CRAN.R-project.org/package=bibtex},
}

@Manual{caret,
  title = {caret: Classification and Regression Training},
  author = {Max Kuhn. Contributions from Jed Wing and Steve Weston and Andre Williams and Chris Keefer and Allan Engelhardt and Tony Cooper and Zachary Mayer and Brenton Kenkel and the R Core Team and Michael Benesty and Reynald Lescarbeau and Andrew Ziem and Luca Scrucca and Yuan Tang and Can Candan and Tyler Hunt.},
  year = {2018},
  note = {R package version 6.0-81},
  url = {https://CRAN.R-project.org/package=caret},
}

@Manual{cluster,
  title = {cluster: Cluster Analysis Basics and Extensions},
  author = {Martin Maechler and Peter Rousseeuw and Anja Struyf and Mia Hubert and Kurt Hornik},
  year = {2018},
  note = {R package version 2.0.7-1 --- For new features, see the 'Changelog' file (in the package source)},
}

@Manual{e1071,
  title = {e1071: Misc Functions of the Department of Statistics, Probability
Theory Group (Formerly: E1071), TU Wien},
  author = {David Meyer and Evgenia Dimitriadou and Kurt Hornik and Andreas Weingessel and Friedrich Leisch},
  year = {2019},
  note = {R package version 1.7-1},
  url = {https://CRAN.R-project.org/package=e1071},
}

@Manual{knitr1,
  title = {knitr: A General-Purpose Package for Dynamic Report Generation in R},
  author = {Yihui Xie},
  year = {2019},
  note = {R package version 1.22},
  url = {https://yihui.name/knitr/},
}

@Book{knitr2,
  title = {Dynamic Documents with {R} and knitr},
  author = {Yihui Xie},
  publisher = {Chapman and Hall/CRC},
  address = {Boca Raton, Florida},
  year = {2015},
  edition = {2nd},
  note = {ISBN 978-1498716963},
  url = {https://yihui.name/knitr/},
}

@InCollection{knitr3,
  booktitle = {Implementing Reproducible Computational Research},
  editor = {Victoria Stodden and Friedrich Leisch and Roger D. Peng},
  title = {knitr: A Comprehensive Tool for Reproducible Research in {R}},
  author = {Yihui Xie},
  publisher = {Chapman and Hall/CRC},
  year = {2014},
  note = {ISBN 978-1466561595},
  url = {http://www.crcpress.com/product/isbn/9781466561595},
}

@Manual{keras,
  title = {keras: R Interface to 'Keras'},
  author = {JJ Allaire and François Chollet},
  year = {2018},
  note = {R package version 2.2.4},
  url = {https://CRAN.R-project.org/package=keras},
}

@Manual{kableExtra,
  title = {kableExtra: Construct Complex Table with 'kable' and Pipe Syntax},
  author = {Hao Zhu},
  year = {2019},
  note = {R package version 1.1.0},
  url = {https://CRAN.R-project.org/package=kableExtra},
}

@Manual{lsa,
  title = {lsa: Latent Semantic Analysis},
  author = {Fridolin Wild},
  year = {2015},
  note = {R package version 0.73.1},
  url = {https://CRAN.R-project.org/package=lsa},
}

@Manual{ptstem,
  title = {ptstem: Stemming Algorithms for the Portuguese Language},
  author = {Daniel Falbel},
  year = {2019},
  note = {R package version 0.0.4},
  url = {https://CRAN.R-project.org/package=ptstem},
}

@Article{quanteda,
  title = {quanteda: An R package for the quantitative analysis of textual data},
  journal = {Journal of Open Source Software},
  author = {Kenneth Benoit and Kohei Watanabe and Haiyan Wang and Paul Nulty and Adam Obeng and Stefan Müller and Akitaka Matsuo},
  doi = {10.21105/joss.00774},
  url = {https://quanteda.io},
  volume = {3},
  number = {30},
  pages = {774},
  year = {2018},
}

@Article{randomForest,
  title = {Classification and Regression by randomForest},
  author = {Andy Liaw and Matthew Wiener},
  journal = {R News},
  year = {2002},
  volume = {2},
  number = {3},
  pages = {18-22},
  url = {https://CRAN.R-project.org/doc/Rnews/},
}

@Manual{rpart,
  title = {rpart: Recursive Partitioning and Regression Trees},
  author = {Terry Therneau and Beth Atkinson},
  year = {2018},
  note = {R package version 4.1-13},
  url = {https://CRAN.R-project.org/package=rpart},
}

@Manual{rpart.plot,
  title = {rpart.plot: Plot 'rpart' Models: An Enhanced Version of 'plot.rpart'},
  author = {Stephen Milborrow},
  year = {2018},
  note = {R package version 3.0.6},
  url = {https://CRAN.R-project.org/package=rpart.plot},
}

@Manual{rslp,
  title = {rslp: A Stemming Algorithm for the Portuguese Language},
  author = {Daniel Falbel},
  year = {2016},
  note = {R package version 0.1.0},
  url = {https://CRAN.R-project.org/package=rslp},
}

@Manual{stringr,
  title = {stringr: Simple, Consistent Wrappers for Common String Operations},
  author = {Hadley Wickham},
  year = {2019},
  note = {R package version 1.4.0},
  url = {https://CRAN.R-project.org/package=stringr},
}

@Manual{scales,
  title = {scales: Scale Functions for Visualization},
  author = {Hadley Wickham},
  year = {2018},
  note = {R package version 1.0.0},
  url = {https://CRAN.R-project.org/package=scales},
}

@Manual{tidyr,
  title = {tidyr: Easily Tidy Data with 'spread()' and 'gather()' Functions},
  author = {Hadley Wickham and Lionel Henry},
  year = {2019},
  note = {R package version 0.8.3},
  url = {https://CRAN.R-project.org/package=tidyr},
}

@Article{tidytext,
  title = {tidytext: Text Mining and Analysis Using Tidy Data Principles in R},
  author = {Julia Silge and David Robinson},
  doi = {10.21105/joss.00037},
  url = {http://dx.doi.org/10.21105/joss.00037},
  year = {2016},
  publisher = {The Open Journal},
  volume = {1},
  number = {3},
  journal = {JOSS},
}

@Manual{tidyverse,
  title = {tidyverse: Easily Install and Load the 'Tidyverse'},
  author = {Hadley Wickham},
  year = {2017},
  note = {R package version 1.2.1},
  url = {https://CRAN.R-project.org/package=tidyverse},
}

@Manual{tinytex,
  title = {tinytex: Helper Functions to Install and Maintain 'TeX Live', and Compile
'LaTeX' Documents},
  author = {Yihui Xie},
  year = {2019},
  note = {R package version 0.11},
  url = {https://CRAN.R-project.org/package=tinytex},
}

@Manual{tm1,
  title = {tm: Text Mining Package},
  author = {Ingo Feinerer and Kurt Hornik},
  year = {2018},
  note = {R package version 0.7-6},
  url = {https://CRAN.R-project.org/package=tm},
}

@Article{tm2,
  title = {Text Mining Infrastructure in R},
  author = {Ingo Feinerer and Kurt Hornik and David Meyer},
  year = {2008},
  journal = {Journal of Statistical Software},
  volume = {25},
  number = {5},
  pages = {1--54},
  url = {http://www.jstatsoft.org/v25/i05/},
  month = {March},
}

@Article{topicmodels,
  title = {{topicmodels}: An {R} Package for Fitting Topic Models},
  author = {Bettina Gr\"un and Kurt Hornik},
  journal = {Journal of Statistical Software},
  year = {2011},
  volume = {40},
  number = {13},
  pages = {1--30},
  doi = {10.18637/jss.v040.i13},
}

@Manual{wordcloud,
  title = {wordcloud: Word Clouds},
  author = {Ian Fellows},
  year = {2018},
  note = {R package version 2.6},
  url = {https://CRAN.R-project.org/package=wordcloud},
}
